<?xml version="1.0" encoding="UTF-8"?><collection xmlns="http://www.loc.gov/MARC21/slim"><record><leader>00357nam--2200133-i-4500</leader><controlfield tag="001">000012281</controlfield><controlfield tag="002">20161230</controlfield><controlfield tag="005">20161230201029</controlfield><controlfield tag="008">060222s1000------------r-----000-0-eng-d</controlfield><datafield ind1=" " ind2=" " tag="080"><subfield code="a">621.391</subfield></datafield><datafield ind1=" " ind2=" " tag="245"><subfield code="a">Fundamentals of optical fiber communications</subfield></datafield><datafield ind1=" " ind2=" " tag="260"><subfield code="a">New York, Academic Press, Inc., 1976 Xi + 227 P</subfield></datafield><datafield ind1=" " ind2=" " tag="700"><subfield code="a">Barnowski, Michael K</subfield></datafield><datafield ind1=" " ind2=" " tag="852"><subfield code="a">45279</subfield></datafield></record></collection>